@article{ref1,
  title={Demonstration Reference.},
  author={Will Woodward},
  year={2024}
}
